<?xml version="1.0" encoding="UTF-8"?><collection xmlns="http://www.loc.gov/MARC21/slim"><record><leader>00598nam--2200193-i-4500</leader><controlfield tag="001">000014415</controlfield><controlfield tag="002">20161230</controlfield><controlfield tag="005">20161230201030</controlfield><controlfield tag="008">060222s1000------------r-----000-0-rum-d</controlfield><datafield ind1=" " ind2=" " tag="040"><subfield code="a">IFIN-HH</subfield></datafield><datafield ind1=" " ind2=" " tag="041"><subfield code="a">rum</subfield></datafield><datafield ind1=" " ind2=" " tag="080"><subfield code="a">533.9.082.74(043)</subfield></datafield><datafield ind1="1" ind2=" " tag="100"><subfield code="a">Cojocaru, Eva</subfield></datafield><datafield ind1="1" ind2="0" tag="245"><subfield code="a">Studiul unor procese din plasmele produse cu laser; autofenerarea de cimpuri intense</subfield><subfield code="b">Teza</subfield><subfield code="c">Eva cojocaru</subfield></datafield><datafield ind1=" " ind2=" " tag="260"><subfield code="a">Bucuresti</subfield><subfield code="b">Institutul Central De Fizica</subfield><subfield code="c">1982</subfield></datafield><datafield ind1=" " ind2=" " tag="300"><subfield code="a">130 P</subfield></datafield><datafield ind1=" " ind2=" " tag="502"><subfield code="a">Conducator Stiintific: Prof. Dr. Ing. Ion N. Popescu</subfield></datafield><datafield ind1=" " ind2=" " tag="852"><subfield code="a">70252</subfield><subfield code="c">533.9</subfield></datafield><datafield ind1=" " ind2=" " tag="CAT"><subfield code="a">Sys</subfield><subfield code="c">20110118</subfield><subfield code="h">123749</subfield></datafield></record></collection>